% Encoding: UTF-8

@Article{GleditschWard1999,
  author       = {Gleditsch, Kristian S. and Ward, Michael D.},
  title        = {Interstate System Membership: A Revised List of the Independent States since 1816},
  journal      = {International Interactions},
  year         = {1999},
  volume       = {25},
  number       = {4},
  pages        = {393--413},
  journaltitle = {International Interactions},
}

@Book{Goldstein1978,
  title     = {Political Repression in Modern America},
  publisher = {Schenkman Publishing Company},
  year      = {1978},
  author    = {Goldstein, Robert Justin},
  address   = {Cambridge, MA},
  keywords  = {Human Rights, Repression},
  owner     = {Peter},
  timestamp = {2009.06.27},
}

@InCollection{Gurr1986,
  author    = {Gurr, {Ted Robert}},
  title     = {The Political Origins of State Violence and Terror: A Theoretical Analysis},
  booktitle = {Government Violence and Repression},
  publisher = {Greenwood Press},
  year      = {1986},
  editor    = {Stohl, Michael and Lopez, George A.},
  pages     = {45-72},
  address   = {New York, NY},
  owner     = {Peter},
  timestamp = {2009.07.07},
}

@PhdThesis{Haschke2014,
  author    = {Haschke, Peter},
  title     = {Democracy and the Human Right to the Physical Integrity of the Person},
  school    = {University of Rochester},
  year      = {2014},
  owner     = {Peter},
  timestamp = {2015.06.29},
}

@Book{Tilly1978,
  title     = {From Mobilization to Revolution},
  publisher = {Addison-Wesley},
  year      = {1978},
  author    = {Tilly, Charles},
  address   = {Reading, MA},
  owner     = {Peter Haschke},
  timestamp = {2010.05.02},
}

@Article{WoodGibney2010,
  author       = {Wood, Reed M. and Gibney, Mark},
  title        = {The Political Terror Scale (PTS): A Re-introduction and a Comparison to CIRI},
  journal      = {Human Rights Quarterly},
  year         = {2010},
  volume       = {32},
  number       = {2},
  pages        = {367-400},
  journaltitle = {Human Rights Quarterly},
  owner        = {Peter Haschke},
  timestamp    = {2010.04.17},
}

@Comment{jabref-meta: databaseType:bibtex;}
